

@article{FL-DataSharing,
  author  = {Yue Zhao and Meng Li and Liangzhen Lai and Naveen Suda and Damon Civin and Vikas Chandra},
  title   = {Federated Learning with Non-IID Data},
  journal = {arXiv preprint arXiv:1806.00582},
  year    = {2018},
  volume  = {},
  number  = {},
  pages   = {},
}
@article{WLRC,
  author  = {Bojian Wei and Jian Li and Yong Liu and Weiping Wang},
  title   = {Non-IID Federated Learning with Sharper Risk Bound},
  journal = {IEEE Transactions on Neural Networks and Learning Systems},
  year    = {2022},
  volume  = {35},  
  number  = {},  
  pages   = {6906-6917},  
  doi     = { 10.1109/TNNLS.2022.3213187}, 
}